<record><leader>00000cas a2200000 a 4500</leader><controlfield tag="001">44440727</controlfield><controlfield tag="007">hd afb020bacp</controlfield><controlfield tag="007">hd bfb020baap</controlfield><controlfield tag="007">hd bfb020babp</controlfield><controlfield tag="008">000620u1905uuuufluwr nea     0    0eng c</controlfield><datafield ind1=" " ind2=" " tag="010"><subfield code="a">sn 00229533 </subfield></datafield><datafield ind1=" " ind2=" " tag="040"><subfield code="a">FUG</subfield><subfield code="b">eng</subfield><subfield code="c">FUG</subfield><subfield code="d">OCL</subfield><subfield code="d">FUG</subfield><subfield code="d">OCLCQ</subfield><subfield code="d">FUG</subfield><subfield code="d">OCLCQ</subfield><subfield code="d">OCLCF</subfield><subfield code="d">OCLCO</subfield><subfield code="d">OCLCQ</subfield></datafield><datafield ind1=" " ind2=" " tag="012"><subfield code="i">0006</subfield></datafield><datafield ind1=" " ind2=" " tag="037"><subfield code="b">George A. Smathers Libraries, University of Florida, Preservation Office, Gainesville, FL 32611</subfield></datafield><datafield ind1=" " ind2=" " tag="042"><subfield code="a">pcc</subfield></datafield><datafield ind1=" " ind2=" " tag="043"><subfield code="a">n-us-fl</subfield></datafield><datafield ind1="0" ind2="0" tag="245"><subfield code="a">Crystal River news.</subfield></datafield><datafield ind1=" " ind2=" " tag="260"><subfield code="a">Crystal River, Fla. :</subfield><subfield code="b">Crystal Pub. Co.</subfield></datafield><datafield ind1=" " ind2=" " tag="300"><subfield code="a">volumes :</subfield><subfield code="b">illustrations ;</subfield><subfield code="c">51 cm</subfield></datafield><datafield ind1=" " ind2=" " tag="310"><subfield code="a">Weekly</subfield></datafield><datafield ind1=" " ind2=" " tag="336"><subfield code="a">text</subfield><subfield code="b">txt</subfield><subfield code="2">rdacontent</subfield></datafield><datafield ind1=" " ind2=" " tag="337"><subfield code="a">microform</subfield><subfield code="b">h</subfield><subfield code="2">rdamedia</subfield></datafield><datafield ind1=" " ind2=" " tag="338"><subfield code="a">microfilm reel</subfield><subfield code="b">hd</subfield><subfield code="2">rdacarrier</subfield></datafield><datafield ind1="1" ind2=" " tag="362"><subfield code="a">Began in 1905?</subfield></datafield><datafield ind1="1" ind2=" " tag="520"><subfield code="a">Very little is known about the Crystal River (FL) news [LCCN: sn98026432]. Various editions of Ayer's newspaper directories and inventories resulting from U.S. Newspaper Program: Florida (USNP:FL) (completed in the mid-1990s) provide scant records. Entries appear in Ayer's from 1907 to 1913. But Florida State University (Tallahassee, FL) reported a single 1903 issue to the USNP:FL; and the Old Courthouse in Inverness, Florida reported scattered issues from 1911 through 1916. There is no record of the Crystal River news either before 1903 or after 1916. The first editor and publisher was A.S. King, 1907-1908; the second John Edwards Bell, 1909 -1912?; and last J.A. Logan, 1913-1914?. Nothing is known of these men. The paper was weekly, issued first on Thursdays, then later on Fridays. Serving Citrus County (FL), it claimed a Democrat party affiliation. During the tenure of the first two editors the publisher was Crystal Publishing Company. Nothing currently (ca. 2007) is known of this company. It is not surprising that so little information is available as Ayer's lists the circulation at 300. Considering Florida's climate and the initiation of archiving activities only during the Florida Land Boom of the 1920's, these circumstances are typical of the loss to the State of Florida's newspaper history. --E. Kesse, University of Florida Digital Library Center.</subfield></datafield><datafield ind1=" " ind2=" " tag="588"><subfield code="a">Description based on: Vol. 4, no. 42 (Feb. 24, 1911).</subfield></datafield><datafield ind1=" " ind2=" " tag="588"><subfield code="a">Latest issue consulted: Vol. 8, no. 17 (Jan. 7, 1916).</subfield></datafield><datafield ind1=" " ind2=" " tag="533"><subfield code="a">Microfilm.</subfield><subfield code="m">Aug. 18, 1905-Jan. 7,1916:[Gaps]</subfield><subfield code="b">Gainesville, FL :</subfield><subfield code="c">George A. Smathers Libraries, University of Florida,</subfield><subfield code="d">2000.</subfield><subfield code="e">1 microfilm reel ; 35 mm.</subfield></datafield><datafield ind1=" " ind2=" " tag="539"><subfield code="a">d</subfield><subfield code="b">1905</subfield><subfield code="c">1916</subfield><subfield code="d">flu</subfield><subfield code="e">u</subfield><subfield code="f">u</subfield><subfield code="g">a</subfield></datafield><datafield ind1=" " ind2="0" tag="651"><subfield code="a">Crystal River (Fla.)</subfield><subfield code="v">Newspapers.</subfield></datafield><datafield ind1=" " ind2="0" tag="651"><subfield code="a">Citrus County (Fla.)</subfield><subfield code="v">Newspapers.</subfield></datafield><datafield ind1=" " ind2="7" tag="651"><subfield code="a">Florida</subfield><subfield code="z">Citrus County.</subfield><subfield code="2">fast</subfield><subfield code="0">(OCoLC)fst01215015</subfield></datafield><datafield ind1=" " ind2="7" tag="651"><subfield code="a">Florida</subfield><subfield code="z">Crystal River.</subfield><subfield code="2">fast</subfield><subfield code="0">(OCoLC)fst01215624</subfield></datafield><datafield ind1=" " ind2="7" tag="655"><subfield code="a">Newspapers.</subfield><subfield code="2">fast</subfield><subfield code="0">(OCoLC)fst01423814</subfield></datafield><datafield ind1=" " ind2=" " tag="752"><subfield code="a">United States</subfield><subfield code="b">Florida</subfield><subfield code="c">Citrus</subfield><subfield code="d">Crystal River.</subfield></datafield><datafield ind1="1" ind2=" " tag="776"><subfield code="c">Original</subfield><subfield code="w">(DLC)sn 98026432</subfield><subfield code="w">(OCoLC)40197650</subfield></datafield><datafield ind1=" " ind2=" " tag="850"><subfield code="a">FU</subfield><subfield code="a">FU (master)</subfield></datafield><datafield ind1="1" ind2=" " tag="029"><subfield code="a">AU@</subfield><subfield code="b">000021635157</subfield></datafield></record>